@book {boucheron_lugosi_massart,
    AUTHOR = {Boucheron, St\'{e}phane and Lugosi, G\'{a}bor and Massart, Pascal},
     TITLE = {Concentration inequalities},
      NOTE = {A nonasymptotic theory of independence,
              With a foreword by Michel Ledoux},
 PUBLISHER = {Oxford University Press, Oxford},
      YEAR = {2013},
     PAGES = {x+481},
      ISBN = {978-0-19-953525-5},
   MRCLASS = {60E15 (60D05 60G15 60G50 60G70 62G20)},
  MRNUMBER = {3185193},
MRREVIEWER = {Sreenivasan Ravi},
       DOI = {10.1093/acprof:oso/9780199535255.001.0001},
       URL = {https://doi.org/10.1093/acprof:oso/9780199535255.001.0001},
}
